@article{Kresta2012,
	author = {Kresta, A. and Tich{\'{y}}, T.},
	issn = {0015-1920},
	mendeley-groups = {copulas},
	publisher = {Univerzita Karlova. Fakulta soci{\'{a}}ln{\'{i}}ch v{\v{e}}d},
	title = {{International Equity Portfolio Risk Modeling: The Case of the NIG Model and Ordinary Copula Functions}},
	year = {2012}
}
@incollection{Patton2009,
	author = {Patton, A. J.},
	booktitle = {Handbook of financial time series},
	mendeley-groups = {copulas},
	pages = {767--785},
	publisher = {Springer},
	title = {{Copula-based models for financial time series}},
	year = {2009}
}
@article{Patton2012,
	author = {Patton, A. J.},
	issn = {0047-259X},
	journal = {Journal of Multivariate Analysis},
	mendeley-groups = {copulas},
	pages = {4--18},
	publisher = {Elsevier},
	title = {{A review of copula models for economic time series}},
	volume = {110},
	year = {2012}
}
@book{Nelsen2007,
	author = {Nelsen, R. B.},
	isbn = {0387286780},
	mendeley-groups = {copulas},
	publisher = {Springer Science {\&} Business Media},
	title = {{An introduction to copulas}},
	year = {2007}
}
@unpublished{Li1999,
	author = {Li, D. X.},
	mendeley-groups = {copulas},
	title = {{On default correlation: A copula function approach}},
	year = {1999}
}
@book{Cherubini2004,
	author = {Cherubini, U. and Luciano, E. and Vecchiato, W.},
	isbn = {0470863455},
	mendeley-groups = {copulas},
	publisher = {John Wiley {\&} Sons},
	title = {{Copula methods in finance}},
	year = {2004}
}
@unpublished{Schonbucher2001,
	author = {Sch{\"{o}}nbucher, P. J. and Schubert, D.},
	booktitle = {Working paper, Department of Statistics, Bonn University},
	mendeley-groups = {copulas},
	publisher = {Citeseer},
	title = {{Copula-dependent default risk in intensity models}},
	year = {2001}
}
@article{Dupuis2009,
	author = {Dupuis, D. and Jacquier, E. and Papageorgiou, N. and R{\'{e}}millard, B.},
	issn = {1096-9934},
	journal = {Journal of Futures Markets},
	mendeley-groups = {copulas},
	number = {8},
	pages = {695--712},
	publisher = {Wiley Online Library},
	title = {{Empirical evidence on the dependence of credit default swaps and equity prices}},
	volume = {29},
	year = {2009}
}
@article{DaSilva2014,
	author = {da Silva, P. P. and Rebelo, P. T. and Afonso, C.},
	issn = {1864-6042},
	journal = {Economics},
	mendeley-groups = {copulas},
	number = {39},
	publisher = {Universitaet Kiel},
	title = {{Tail Dependence of Financial Stocks and CDS Markets-Evidence Using Copula Methods and Simulation-Based Inference}},
	volume = {8},
	year = {2014}
}
@article{Andersen2004,
	author = {Andersen, L. and Sidenius, J.},
	journal = {Journal of Credit Risk Volume},
	mendeley-groups = {copulas},
	number = {1},
	pages = {5},
	publisher = {Citeseer},
	title = {{Extensions to the Gaussian copula: Random recovery and random factor loadings}},
	volume = {1},
	year = {2004}
}
@incollection{Erhardt2010,
	author = {Erhardt, V. and Czado, C.},
	booktitle = {Dependence modeling: Vine copula handbook},
	mendeley-groups = {copulas},
	pages = {73--87},
	publisher = {World Scientific},
	title = {{Sampling count variables with specified pearson correlation: A comparison between a naive and a c-vine sampling approach}},
	year = {2010}
}
@article{Erhardt2012,
	author = {Erhardt, V. and Czado, C.},
	issn = {0346-1238},
	journal = {Scandinavian Actuarial Journal},
	mendeley-groups = {copulas},
	number = {2},
	pages = {106--129},
	publisher = {Taylor {\&} Francis},
	title = {{Modeling dependent yearly claim totals including zero claims in private health insurance}},
	year = {2012}
}
@inproceedings{Strelen2009,
	author = {Strelen, J. C.},
	booktitle = {Proceedings of the 2nd International Conference on Simulation Tools and Techniques},
	isbn = {9639799459},
	mendeley-groups = {copulas},
	pages = {30},
	publisher = {ICST (Institute for Computer Sciences, Social-Informatics and Telecommunications Engineering)},
	title = {{Tools for dependent simulation input with copulas}},
	year = {2009}
}
@inproceedings{Strelen2007,
	author = {Strelen, J. C. and Nassaj, F.},
	booktitle = {Proceedings of the 39th conference on Winter simulation: 40 years! The best is yet to come},
	isbn = {1424413060},
	mendeley-groups = {copulas},
	pages = {488--496},
	publisher = {IEEE Press},
	title = {{Analysis and generation of random vectors with copulas}},
	year = {2007}
}
@book{Matthias2017,
	author = {Matthias, S. and Jan-frederik, M.},
	isbn = {9813149264},
	mendeley-groups = {copulas},
	pages = {357},
	publisher = {Singapore World Scientific Publishing Co. Pte Ltd.},
	title = {{Simulating copulas: stochastic models, sampling algorithms, and applications}},
	volume = {6},
	year = {2017}
}
@article{Favre2004,
	author = {Favre, A-C. and {El Adlouni}, S. and Perreault, L. and Thi{\'{e}}monge, N. and Bob{\'{e}}e, B.},
	issn = {1944-7973},
	journal = {Water resources research},
	mendeley-groups = {copulas},
	number = {1},
	publisher = {Wiley Online Library},
	title = {{Multivariate hydrological frequency analysis using copulas}},
	volume = {40},
	year = {2004}
}
@article{Renard2007,
	author = {Renard, B. and Lang, M.},
	issn = {0309-1708},
	journal = {Advances in Water Resources},
	mendeley-groups = {copulas},
	number = {4},
	pages = {897--912},
	publisher = {Elsevier},
	title = {{Use of a Gaussian copula for multivariate extreme value analysis: some case studies in hydrology}},
	volume = {30},
	year = {2007}
}
@article{Genest2007,
	author = {Genest, Ch. and Favre, A-C and B{\'{e}}liveau, Julie and Jacques, C},
	issn = {1944-7973},
	journal = {Water Resources Research},
	mendeley-groups = {copulas},
	number = {9},
	publisher = {Wiley Online Library},
	title = {{Metaelliptical copulas and their use in frequency analysis of multivariate hydrological data}},
	volume = {43},
	year = {2007}
}
@book{Salvadori2007,
	author = {Salvadori, G. and {De Michele}, C. and Kottegoda, N. T. and Rosso, R.},
	isbn = {1402044151},
	mendeley-groups = {copulas},
	pages = {292},
	publisher = {Springer Science {\&} Business Media},
	title = {{Extremes in nature: an approach using copulas}},
	volume = {56},
	year = {2007}
}
@article{Dempster2007,
	author = {Dempster, M. A. H. and Medova, E. A. and Yang, S. W.},
	issn = {0219-0249},
	journal = {International Journal of Theoretical and Applied Finance},
	mendeley-groups = {copulas},
	number = {04},
	pages = {679--701},
	publisher = {World Scientific},
	title = {{Empirical copulas for CDO tranche pricing using relative entropy}},
	volume = {10},
	year = {2007}
}
@article{Chu2011,
	author = {Chu, B.},
	issn = {0378-4266},
	journal = {Journal of Banking {\&} Finance},
	mendeley-groups = {copulas},
	number = {7},
	pages = {1824--1842},
	publisher = {Elsevier},
	title = {{Recovering copulas from limited information and an application to asset allocation}},
	volume = {35},
	year = {2011}
}
@article{Friedman2010,
	author = {Friedman, C. and Huang, J.},
	mendeley-groups = {copulas},
	title = {{Most entropic copulas: General form, and calibration to high-dimensional data in an important special case}},
	year = {2010},
	publisher = {SSRN Electronic Journal}
}
@article{Piantadosi2012a,
	author = {Piantadosi, J. and Howlett, P. G. and Borwein, J. and Henstridge, J.},
	journal = {Numer. Algebra Control Optim},
	mendeley-groups = {copulas},
	pages = {233--256},
	publisher = {American Institute of Mathematical Sciences},
	title = {{Maximum entropy methods for generating simulated rainfall}},
	volume = {2},
	year = {2012}
}
@article{Piantadosi2012b,
	author = {Piantadosi, J. and Howlett, P. G. and Borwein, J.},
	issn = {1862-4472},
	journal = {Optimization Letters},
	mendeley-groups = {copulas},
	number = {1},
	pages = {99--125},
	publisher = {Springer},
	title = {{Copulas with maximum entropy}},
	volume = {6},
	year = {2012}
}
@article{Amiri2014,
	author = {Amiri, A. and Thiam, B.},
	issn = {0167-7152},
	journal = {Statistics {\&} Probability Letters},
	mendeley-groups = {copulas},
	pages = {116--125},
	publisher = {Elsevier},
	title = {{A smoothing stochastic algorithm for quantile estimation}},
	volume = {93},
	year = {2014}
}
@inproceedings{Hyrs2015,
	author = {Hyr{\v{s}}, M. and Schwarz, J.},
	booktitle = {Computational Intelligence (IJCCI), 2015 7th International Joint Conference on},
	isbn = {9897581650},
	mendeley-groups = {copulas},
	pages = {212--219},
	publisher = {IEEE},
	title = {{Elliptical and archimedean copulas in estimation of distribution algorithm with model migration}},
	volume = {1},
	year = {2015}
}
@article{Ruschendorf1976,
	author = {Ruschendorf, L.},
	issn = {0090-5364},
	journal = {The Annals of Statistics},
	mendeley-groups = {copulas},
	pages = {912--923},
	publisher = {JSTOR},
	title = {{Asymptotic distributions of multivariate rank order statistics}},
	year = {1976}
}
@article{Robbins1951,
	author = {Robbins, H. and Monro, S.},
	issn = {0003-4851},
	journal = {The annals of mathematical statistics},
	mendeley-groups = {copulas},
	pages = {400--407},
	publisher = {JSTOR},
	title = {{A stochastic approximation method}},
	year = {1951}
}
@article{Mokkadem2009,
	author = {Mokkadem, A. and Pelletier, M. and Slaoui, Y.},
	issn = {0378-3758},
	journal = {Journal of Statistical Planning and Inference},
	mendeley-groups = {copulas},
	number = {7},
	pages = {2459--2478},
	publisher = {Elsevier},
	title = {{The stochastic approximation method for the estimation of a multivariate probability density}},
	volume = {139},
	year = {2009}
}
@book{Silverman1986,
	address = {New-York},
	author = {Silverman, B. W.},
	isbn = {1351456172},
	pages = {176},
	publisher = {Routledge},
	title = {{Density estimation for statistics and data analysis}},
	year = {1986}
}
@unpublished{Camirand,
	author = {Camirand, F. and Decrouez, G.},
	title = {{(Draft) Non-parametric recursive estimation of the copula}},
	year = {2018}
}
@article{Holst1987,
	author = {Holst, U.},
	issn = {0747-4946},
	journal = {Sequential Analysis},
	number = {3},
	pages = {219--237},
	publisher = {Taylor {\&} Francis},
	title = {{Recursive estimation of quantitles using recursive kernel density estimators}},
	volume = {6},
	year = {1987}
}
@phdthesis{Robinson1975,
	author = {Robinson, D. W.},
	title = {{Non-parametric quantile estimation through stochastic approximation.}},
	year = {1975}
}
@article{Sklar1959,
	author = {Sklar, A.},
	journal = {Publ. Inst. Statist. Univ. Paris},
	mendeley-groups = {copulas},
	pages = {229--231},
	title = {{Fonctions de repartition an dimensions et leurs marges}},
	volume = {8},
	year = {1959}
}
@incollection{Durante2013,
	author = {Durante, F. and Fern{\'{a}}ndez-S{\'{a}}nchez, J. and Sempi, C.},
	booktitle = {Aggregation Functions in Theory and in Practise},
	mendeley-groups = {copulas},
	pages = {85--90},
	publisher = {Springer},
	title = {{How to prove Sklar's Theorem}},
	year = {2013}
}
@incollection{Ruschendorf2013,
	author = {R{\"{u}}schendorf, L.},
	booktitle = {Mathematical Risk Analysis},
	mendeley-groups = {copulas},
	pages = {3--34},
	publisher = {Springer},
	title = {{Copulas, Sklar's theorem, and distributional transform}},
	year = {2013}
}
@article{Sklar1996,
	author = {Sklar, A.},
	issn = {0749-2170},
	journal = {Lecture notes-monograph series},
	mendeley-groups = {copulas},
	pages = {1--14},
	publisher = {JSTOR},
	title = {{Random variables, distribution functions, and copulas: a personal look backward and forward}},
	year = {1996}
}
@article{Deheuvels1978,
	author = {Deheuvels, P.},
	journal = {Publ. Inst. Statist. Univ. Paris},
	mendeley-groups = {copulas},
	pages = {1--36},
	title = {{Caract{\'{e}}risation compl{\`{e}}te des lois extr{\^{e}}mes multivari{\'{e}}es et de la convergence des types extr{\^{e}}mes}},
	volume = {23},
	year = {1978}
}
@article{Moore1975,
	author = {Moore, D. S. and Spruill, M. C.},
	issn = {0090-5364},
	journal = {The Annals of Statistics},
	mendeley-groups = {copulas},
	pages = {599--616},
	publisher = {JSTOR},
	title = {{Unified large-sample theory of general chi-squared statistics for tests of fit}},
	year = {1975}
}
@article{Deheuvels1979,
	author = {Deheuvels, P.},
	journal = {Bulletin de la Classe des Sciences},
	mendeley-groups = {copulas},
	number = {5},
	pages = {274--292},
	title = {{La fonction de d{\'{e}}pendance empirique et ses propri{\'{e}}t{\'{e}}s. Acad{\'{e}}mie Royale de Belgique}},
	volume = {65},
	year = {1979}
}
@article{Kiefer1952,
	author = {Kiefer, J. and Wolfowitz, K.},
	issn = {0003-4851},
	journal = {The Annals of Mathematical Statistics},
	mendeley-groups = {copulas},
	pages = {462--466},
	publisher = {JSTOR},
	title = {{Stochastic estimation of the maximum of a regression function}},
	year = {1952}
}
@article{Sacks1958,
	author = {Sacks, J.},
	issn = {0003-4851},
	journal = {The Annals of Mathematical Statistics},
	mendeley-groups = {copulas},
	number = {2},
	pages = {373--405},
	publisher = {JSTOR},
	title = {{Asymptotic distribution of stochastic approximation procedures}},
	volume = {29},
	year = {1958}
}
@article{Wolverton1969,
	author = {Wolverton, C. and Wagner, T.},
	issn = {0018-9448},
	journal = {IEEE Transactions on Information Theory},
	mendeley-groups = {copulas},
	number = {2},
	pages = {258--265},
	publisher = {IEEE},
	title = {{Asymptotically optimal discriminant functions for pattern classification}},
	volume = {15},
	year = {1969}
}
@article{Davies1973,
	author = {Davies, H. I.},
	journal = {Bull. Math. Statist},
	mendeley-groups = {copulas},
	pages = {49--54},
	publisher = {Citeseer},
	title = {{Strong consistency of a sequential estimator of a probability density function}},
	volume = {15},
	year = {1973}
}
@article{Yamato1971,
	author = {Yamato, H.},
	journal = {Bull. Math. Statist},
	mendeley-groups = {copulas},
	pages = {1--12},
	publisher = {Citeseer},
	title = {{Sequential estimation of a continuous probability density function and mode}},
	volume = {14},
	year = {1971}
}
@article{Wegman1979,
	author = {Wegman, E. J. and Davies, H. I.},
	issn = {0090-5364},
	journal = {The Annals of Statistics},
	mendeley-groups = {copulas},
	pages = {316--327},
	publisher = {JSTOR},
	title = {{Remarks on some recursive estimators of a probability density}},
	year = {1979}
}
@article{Slaoui2014,
	author = {Slaoui, Y.},
	issn = {1066-5307},
	journal = {Mathematical Methods of Statistics},
	mendeley-groups = {copulas},
	number = {4},
	pages = {306--325},
	publisher = {Springer},
	title = {{The stochastic approximation method for estimation of a distribution function}},
	volume = {23},
	year = {2014}
}
@article{Black1973,
	author = {Black, F. and Scholes, M.},
	issn = {0022-3808},
	journal = {Journal of political economy},
	mendeley-groups = {copulas},
	number = {3},
	pages = {637--654},
	publisher = {The University of Chicago Press},
	title = {{The pricing of options and corporate liabilities}},
	volume = {81},
	year = {1973}
}
@Manual{R,
 	title = {R: A Language and Environment for Statistical Computing},
 	author = {{R Core Team}},
 	organization = {R Foundation for Statistical Computing},
 	address = {Vienna, Austria},
 	year = {2018},
 	url = {https://www.R-project.org/},
}
@Manual{Rcopula1,
 	title = {copula: Multivariate Dependence with Copulas},
 	author = {Hofert, M and Kojadinovic, I. and Maechler, M. and Yan, J.},
 	year = {2017},
 	note = {R package version 0.999-18},
 	url = {https://CRAN.R-project.org/package=copula},
}
@Article{Rcopula2,
 	title = {Enjoy the Joy of Copulas: With a Package {copula}},
 	author = {{Yan, J.}},
 	journal = {Journal of Statistical Software},
 	year = {2007},
 	volume = {21},
 	number = {4},
 	pages = {1--21},
 	url = {http://www.jstatsoft.org/v21/i04/},
}
@Article{Rcopula3,
 	title = {Modeling Multivariate Distributions with Continuous Margins Using the {copula} {R} Package},
 	author = {{Kojadinovic, I.} and {Yan, J.}},
 	journal = {Journal of Statistical Software},
 	year = {2010},
 	volume = {34},
 	number = {9},
 	pages = {1--20},
 	url = {http://www.jstatsoft.org/v34/i09/},
}
@Article{Rcopula4,
 	title = {Nested Archimedean Copulas Meet {R}: The {nacopula} Package},
 	author = {{Hofert, M.} and {M\"achler, M.}},
 	journal = {Journal of Statistical Software},
 	year = {2011},
 	volume = {39},
 	number = {9},
 	pages = {1--20},
 	url = {http://www.jstatsoft.org/v39/i09/},
}